@online{spiral,
  title        = "Spiral Structure",
  url          = {http://burro.cwru.edu/Academics/Astr222/Galaxies/Spiral/spiral.html},
  urldate      = {2024-05-01}
}

@online{github,
	author = "Luis Lucas Garc√≠a",
	title = "GitHub - Spiral Structure",
	url = {https://github.com/luisgotsky},
	urldate = {2024-05-16}
}

@online{cosmo,
  author        = "David Malin",
  title        = "Flocculent Spiral",
  url          = {https://astronomy.swin.edu.au/cosmos/F/Flocculent+Spiral},
  urldate      = {2024-05-09}
}

@ARTICLE{LinShu,
       author = {Lin, C.C. and Yuan, C. and Shu, Frank H.},
        title = "{On the Spiral Structure of Disk Galaxies. III. Comparison with Observations}",
      journal = {American Physics Journal},
         year = 1969,
        month = mar,
       volume = {155},
        pages = {721},
          doi = {10.1086/149907},
       adsurl = {https://ui.adsabs.harvard.edu/abs/1969ApJ...155..721L},
      adsnote = {Provided by the SAO/NASA Astrophysics Data System}
}

@ARTICLE{corrimiento,
          author ="David R. Law et.al",
          title = "{High velocity dispersion in a rare grand-design spiral galaxy at redshift z = 2.18}",
          journal = {Nature},
          year = 2012,
          month = july,
          volume = {487},
          pages = {338-340},
          doi = {10.1038/11256},
}